@article{headey2008anatomy,
  title={Anatomy of a crisis: the causes and consequences of surging food prices},
  author={Headey, Derek and Fan, Shenggen},
  journal={Agricultural economics},
  volume={39},
  pages={375--391},
  year={2008},
  publisher={Wiley Online Library}
}

@techreport{abbott2008s,
  title={What's driving food prices?},
  author={Abbott, Philip C and Hurt, Christopher and Tyner, Wallace E},
  year={2008}
}

@article{baltzer2008measuring,
  title={Measuring financial integration in new EU member states},
  author={Baltzer, Markus and Cappiello, Lorenzo and De Santis, Roberto A and Manganelli, Simone},
  journal={ECB Occasional Paper},
  number={81},
  year={2008}
}

@article{helbling2008commodities,
  title={Commodities boom: Riding a wave},
  author={Helbling, Thomas and Mercer-Blackman, Valerie A and Cheng, Kevin C},
  journal={Finance \& Development},
  volume={45},
  number={001},
  year={2008},
  publisher={International Monetary Fund}
}

@inproceedings{schnepf2008high,
  title={High agricultural commodity prices: What are the issues?},
  author={Schnepf, Randy},
  year={2008},
  organization={Library of Congress, Congressional Research Service}
}

@techreport{trostle2008fluctuating,
  title={Fluctuating food commodity prices: A complex issue with no easy answers},
  author={Trostle, Ronald},
  year={2008}
}

@article{von2008rising,
  title={Rising Food Prices: What Should Be Done? Steigende Nahrungsmittelpreise: Was sollte getan werden? La hausse des prix alimentaires: Que doit-on faire?},
  author={Von Braun, Joachim},
  journal={EuroChoices},
  volume={7},
  number={2},
  pages={30--35},
  year={2008},
  publisher={Wiley Online Library}
}

@article{mitchell2008note,
  title={A note on rising food prices},
  author={Mitchell, Donald},
  journal={World bank policy research working paper},
  number={4682},
  year={2008}
}

@article{bloch2007growth,
  title={Growth, commodity prices, inflation and the distribution of income},
  author={Bloch, Harry and Dockery, A Michael and Morgan, C Wyn and Sapsford, David},
  journal={Metroeconomica},
  volume={58},
  number={1},
  pages={3--44},
  year={2007},
  publisher={Wiley Online Library}
}

@book{duncan1984outlook,
  title={The outlook for primary commodities, 1984 to 1995},
  author={Duncan, Ronald C},
  number={11},
  year={1984},
  publisher={World Bank}
}

@article{malliaris2011dividends,
  title={Dividends, momentum, and macroeconomic variables as determinants of the US equity premium across economic regimes},
  author={Malliaris, Anastasios G and Bhar, Ramaprasad},
  journal={Review of Behavioural Finance},
  year={2011},
  publisher={Emerald Group Publishing Limited}
}

@book{gelos2012inflation,
  title={Inflation Responses to commodity price shocks: How and why do countries differ?},
  author={Gelos, Mr R and Ustyugova, Ms Yulia},
  year={2012},
  publisher={International Monetary Fund}
}